@book{goodfellow2016deep,
  title={Deep learning},
  author={Goodfellow, Ian and Bengio, Yoshua and Courville, Aaron},
  year={2016},
  publisher={MIT press}
}

@book{velarde2023artificial,
  title={Artificial {E}ra: {P}redictions, {P}roblems, and {D}iversity in {AI}},
  author={Velarde, Gissel},
  year={2023},
  publisher={Oxford University Press},
  address={London}
}

@misc{Stutz2022,
    author = {David Stutz},
    title = {Collection of LaTeX resources and examples},
    year = {2020}, 
    howpublished = {\url{https://davidstutz.de/illustrating-convolutional-neural-networks-in-latex-with-tikz/}},
    note = {[Online; accessed 22-November-2023]}
}

@article{lecun1989handwritten,
  title={Handwritten digit recognition with a back-propagation network},
  author={LeCun, Yann and Boser, Bernhard and Denker, John and Henderson, Donnie and Howard, Richard and Hubbard, Wayne and Jackel, Lawrence},
  journal={Advances in neural information processing systems},
  volume={2},
  year={1989}
}